<?xml version="1.0" encoding="UTF-8"?><record xmlns="http://www.loc.gov/MARC21/slim" xmlns:cinclude="http://apache.org/cocoon/include/1.0" xmlns:zs="http://www.loc.gov/zing/srw/">
  <leader>00444nz  a2200121n  4500</leader>
  <controlfield tag="001">n 2008161831</controlfield>
  <controlfield tag="003">DLC</controlfield>
  <controlfield tag="005">20080229073640.0</controlfield>
  <controlfield tag="008">080228n| acannaabn          |n aaa      </controlfield>
  <datafield tag="010" ind1=" " ind2=" ">
    <subfield code="a">n 2008161831</subfield>
  </datafield>
  <datafield tag="040" ind1=" " ind2=" ">
    <subfield code="a">DLC</subfield>
    <subfield code="b">eng</subfield>
    <subfield code="c">DLC</subfield>
  </datafield>
  <datafield tag="100" ind1="1" ind2=" ">
    <subfield code="a">Chamberlain, Henry Hunter,</subfield>
    <subfield code="d">1861-1942</subfield>
  </datafield>
  <datafield tag="670" ind1=" " ind2=" ">
    <subfield code="a">NUCMC data from Maine Historical Society for Chamberlain family diaries and other material, 1830-1929</subfield>
    <subfield code="b">(Henry Hunter Chamberlain (1861-1942); farmer of Bristol, Me.)</subfield>
  </datafield>
</record>